@book{vivaldi,
  author         = {Franco Vivaldi},
  editor         = {},
  publisher      = {Springer London},
  title          = {Mathematical Writing},
  year           = {2014},
  DOI            = {https://doi.org/10.1007/978-1-4471-6527-9}
}